@book{author2023,
  title={Titel des Buches},
  author={Autor, A.},
  year={2023},
  publisher={Verlag}
}

@article{author2022,
  title={Titel des Artikels},
  author={Autor, B.},
  journal={Name der Zeitschrift},
  volume={34},
  number={2},
  pages={123-456},
  year={2022},
  publisher={Verlag}
}